<?xml version="1.0" encoding="UTF-8"?><collection xmlns="http://www.loc.gov/MARC21/slim"><record><leader>00570nam--2200193-i-4500</leader><controlfield tag="001">000007756</controlfield><controlfield tag="002">20161230</controlfield><controlfield tag="005">20161230201027</controlfield><controlfield tag="008">060222s1000------------r-----000-0-eng-d</controlfield><datafield ind1=" " ind2=" " tag="040"><subfield code="a">IFIN-HH</subfield></datafield><datafield ind1=" " ind2=" " tag="080"><subfield code="a">53.08(021)</subfield></datafield><datafield ind1="1" ind2=" " tag="100"><subfield code="a">Angerer, E.V</subfield></datafield><datafield ind1="1" ind2="0" tag="245"><subfield code="a">Physical laboratory handbook. translated, revised and enlarged by w.summer</subfield><subfield code="c">E.v. angerer, h. ebert</subfield></datafield><datafield ind1=" " ind2=" " tag="250"><subfield code="a">First English-language Edition</subfield></datafield><datafield ind1=" " ind2=" " tag="260"><subfield code="a">London</subfield><subfield code="b">Sir Isaac Pitman And Sons Ltd</subfield><subfield code="c">1966</subfield></datafield><datafield ind1=" " ind2=" " tag="300"><subfield code="a">XI + 610 P</subfield></datafield><datafield ind1="1" ind2=" " tag="700"><subfield code="a">Ebert, H</subfield></datafield><datafield ind1=" " ind2=" " tag="852"><subfield code="a">24652</subfield><subfield code="c">53.08</subfield></datafield><datafield ind1=" " ind2=" " tag="CAT"><subfield code="a">Sys</subfield><subfield code="c">20151028</subfield><subfield code="h">103302</subfield></datafield></record></collection>